%Asset creation pipeline
@book{dunlop2014production,
  title={Production Pipeline Fundamentals for Film and Games},
  author={Dunlop, Renee},
  year={2014},
  publisher={CRC Press}
}

%Ray-tracing vs rasterisation
@inproceedings{ludvigsen2010real,
  title={Real-Time Ray Tracing Using Nvidia OptiX.},
  author={Ludvigsen, Holger and Elster, Anne C},
  booktitle={Eurographics (Short Papers)},
  pages={65--68},
  year={2010}
}

%Skinning
@inproceedings{lewis2000pose,
  title={Pose space deformation: a unified approach to shape interpolation and skeleton-driven deformation},
  author={Lewis, John P and Cordner, Matt and Fong, Nickson},
  booktitle={Proceedings of the 27th annual conference on Computer graphics and interactive techniques},
  pages={165--172},
  year={2000}
}

%number={2},
@inproceedings{tarini2014accurate,
  title={Accurate and efficient lighting for skinned models},
  author={Tarini, Marco and Panozzo, Daniele and Sorkine-Hornung, Olga},
  booktitle={Computer Graphics Forum},
  volume={33},
  pages={421--428},
  year={2014},
  organization={Wiley Online Library}
}

@article{li2011automatic,
  title={Automatic skinning and animation of skeletal models},
  author={Li, Jituo and Lu, Guodong and Ye, Juntao},
  journal={The Visual Computer},
  volume={27},
  number={6-8},
  pages={585--594},
  year={2011},
  publisher={Springer}
}

@article{james2005skinning,
  title={Skinning mesh animations},
  author={James, Doug L and Twigg, Christopher D},
  journal={ACM Transactions on Graphics (TOG)},
  volume={24},
  number={3},
  pages={399--407},
  year={2005},
  publisher={ACM New York, NY, USA}
}

@mastersthesis{got2019developement,
  title={Developement of a new automatic skinning system},
  author={Got, Emeline},
  year={2019},
  school={Universitat Polit{\`e}cnica de Catalunya}
}

%Sculpting interfaces
@article{10.1145/2897824.2925956,
author = {Calabrese, Claudio and Salvati, Gabriele and Tarini, Marco and Pellacini, Fabio},
title = {CSculpt: A System for Collaborative Sculpting},
year = {2016},
issue_date = {July 2016},
publisher = {Association for Computing Machinery},
address = {New York, NY, USA},
volume = {35},
number = {4},
issn = {0730-0301},
url = {https://doi.org/10.1145/2897824.2925956},
doi = {10.1145/2897824.2925956},
journal = {ACM Trans. Graph.},
month = jul,
articleno = {91},
numpages = {8},
keywords = {collaborative modeling, digital sculpting and painting}
}

@book{spencer2010zbrush,
  title={Zbrush digital sculpting human Anatomy},
  author={Spencer, Scott},
  year={2010},
  publisher={John Wiley \& Sons}
}

%Numerical solvers
@article{perez2010python,
  title={Python: an ecosystem for scientific computing},
  author={Perez, Fernando and Granger, Brian E and Hunter, John D},
  journal={Computing in Science \& Engineering},
  volume={13},
  number={2},
  pages={13--21},
  year={2010},
  publisher={IEEE}
}

@article{companyOverviewMathlab,
    title={FAST FACTS},
    author={The MathWorks},
    journal={Company Overview},
    publisher = {The MathWorks},
    issue_date={February 2020},
    year={2020},
    url={https://uk.mathworks.com/content/dam/mathworks/handout/2020-company-factsheet-8-5x11-8282v20.pdf}
}

%Blender API
@misc{BlenderAPI,
  author = {Blender Foundation},
  title = {{Blender} {Python} {API} documentation},
  year = 2020,
  URL = {https://docs.blender.org/api/2.83/},
  note = {Version 2.83; last updated: 06/05/2020}
}